<?xml version="1.0" encoding="utf-8"?>
<record xmlns="http://www.loc.gov/MARC21/slim" xmlns:xsi="http://www.w3.org/2001/XMLSchema-instance" xsi:schemaLocation="http://www.loc.gov/MARC21/slim http://www.loc.gov/standards/marcxml/schema/MARC21slim.xsd">
	<leader>     nam a22        4500</leader>
	<controlfield tag="001">3082675</controlfield>
	<controlfield tag="003">NNC</controlfield>
	<controlfield tag="006">m        d        </controlfield>
	<controlfield tag="007">cr cn |||m|||a</controlfield>
	<controlfield tag="008">150505s1963    sy      ob    000 0 ara d</controlfield>
	<datafield ind1=" " ind2=" " tag="040">
		<subfield code="a">NNU</subfield>
		<subfield code="b">eng</subfield>
		<subfield code="c">NNU</subfield>
	</datafield>
	<datafield ind1=" " ind2="4" tag="050">
		<subfield code="a">BP135.A3</subfield>
		<subfield code="b">I353 1963</subfield>
	</datafield>
	<datafield ind1="1" ind2=" " tag="100">
		<subfield code="6">880-01</subfield>
		<subfield code="a">Ibn Daqīq al-ʻĪd, Muḥammad ibn ʻAlī,</subfield>
		<subfield code="d">1228-1302.</subfield>
	</datafield>
	<datafield ind1="1" ind2="0" tag="240">
		<subfield code="6">880-02</subfield>
		<subfield code="a">Ilmām bi-aḥādīth al-aḥkām</subfield>
		<subfield code="f">1963.</subfield>
	</datafield>
	<datafield ind1="1" ind2="3" tag="245">
		<subfield code="6">880-03</subfield>
		<subfield code="a">al-Ilmām bi-aḥādīth al-aḥkām</subfield>
		<subfield code="h">[electronic resource] /</subfield>
		<subfield code="c">taʼlīf Taqī al-Dīn Abī al-Fatḥ Muḥammad ibn ʻAlī ibn Wahb al-Miṣrī al-Qushayrī, ʻurifa bi Ibn Daqīq-al-ʻĪd  ; rājaʻahū wa-ʻallaqa ʻalayhi Muḥammad Saʻīd al-Mawlawī.</subfield>
	</datafield>
	<datafield ind1=" " ind2=" " tag="250">
		<subfield code="6">880-04</subfield>
		<subfield code="a">al-Ṭabʻah 1.</subfield>
	</datafield>
	<datafield ind1=" " ind2=" " tag="260">
		<subfield code="6">880-05</subfield>
		<subfield code="a">Dimashq :</subfield>
		<subfield code="b">Dār al-Fikr,</subfield>
		<subfield code="c">1963.</subfield>
	</datafield>
	<datafield ind1=" " ind2=" " tag="300">
		<subfield code="a">online resource (8, 541, [2] p.)</subfield>
	</datafield>
	<datafield ind1=" " ind2=" " tag="500">
		<subfield code="a">Part of the Arabic Collections Online (ACO) project, contributed by Columbia University Libraries.</subfield>
	</datafield>
	<datafield ind1=" " ind2=" " tag="504">
		<subfield code="a">Includes bibliographical references (p. [543]).</subfield>
	</datafield>
	<datafield ind1=" " ind2=" " tag="533">
		<subfield code="a">Electronic reproduction.</subfield>
		<subfield code="b">New York, N.Y. :</subfield>
		<subfield code="c">New York University,</subfield>
		<subfield code="d">2015.</subfield>
		<subfield code="5">NNU</subfield>
	</datafield>
	<datafield ind1=" " ind2="0" tag="650">
		<subfield code="a">Hadith</subfield>
		<subfield code="x">Texts.</subfield>
	</datafield>
	<datafield ind1=" " ind2="0" tag="650">
		<subfield code="a">Islamic law.</subfield>
	</datafield>
	<datafield ind1=" " ind2="7" tag="650">
		<subfield code="a">Hadith.</subfield>
		<subfield code="2">fast</subfield>
		<subfield code="0">(OCoLC)fst00950112</subfield>
	</datafield>
	<datafield ind1=" " ind2="7" tag="650">
		<subfield code="a">Islamic law.</subfield>
		<subfield code="2">fast</subfield>
		<subfield code="0">(OCoLC)fst00979949</subfield>
	</datafield>
	<datafield ind1=" " ind2="7" tag="655">
		<subfield code="a">Texts.</subfield>
		<subfield code="2">fast</subfield>
		<subfield code="0">(OCoLC)fst01423705</subfield>
	</datafield>
	<datafield ind1="1" ind2=" " tag="700">
		<subfield code="6">880-06</subfield>
		<subfield code="a">Mawlawī, Muḥammad Saʻīd.</subfield>
	</datafield>
	<datafield ind1="2" ind2=" " tag="710">
		<subfield code="a">Columbia University.</subfield>
		<subfield code="b">Libraries.</subfield>
	</datafield>
	<datafield ind1="0" ind2=" " tag="730">
		<subfield code="a">Arabic Collections Online.</subfield>
	</datafield>
	<datafield ind1="0" ind2="8" tag="776">
		<subfield code="i">Online version:</subfield>
		<subfield code="a">Ibn Daqīq al-ʻĪd, Muḥammad ibn ʻAlī, 1228-1302.</subfield>
		<subfield code="t">Ilmām bi-aḥādīth al-aḥkām.</subfield>
		<subfield code="d">Dimashq : Dār al-Fikr, 1963</subfield>
		<subfield code="w">(OCoLC)551339280</subfield>
	</datafield>
	<datafield ind1="0" ind2="8" tag="776">
		<subfield code="i">Online version:</subfield>
		<subfield code="a">Ibn Daqīq al-ʻĪd, Muḥammad ibn ʻAlī, 1228-1302.</subfield>
		<subfield code="t">Ilmām bi-aḥādīth al-aḥkām.</subfield>
		<subfield code="d">Dimashq : Dār al-Fikr, 1963</subfield>
		<subfield code="w">(OCoLC)608204610</subfield>
	</datafield>
	<datafield ind1="0" ind2="8" tag="776">
		<subfield code="i">Print version:</subfield>
		<subfield code="a">Ibn Daqīq al-ʻĪd, Muḥammad ibn ʻAlī, 1228-1302.</subfield>
		<subfield code="t">al-Ilmām bi-aḥādīth al-aḥkām</subfield>
		<subfield code="w">(NNC)3082675</subfield>
		<subfield code="w">(OCoLC)47942065</subfield>
	</datafield>
	<datafield ind1="4" ind2="0" tag="856">
		<subfield code="u">http://hdl.handle.net/2333.1/r7sqvcpx</subfield>
	</datafield>
	<datafield ind1="1" ind2=" " tag="880">
		<subfield code="6">100-01/r</subfield>
		<subfield code="a">ابن دقيق العيد، محمد بن علي,</subfield>
		<subfield code="d">1228-1302.</subfield>
	</datafield>
	<datafield ind1="1" ind2="0" tag="880">
		<subfield code="6">240-02/r</subfield>
		<subfield code="a">إلمام في أحاديث الأحكام.</subfield>
		<subfield code="f">1963</subfield>
	</datafield>
	<datafield ind1="1" ind2="2" tag="880">
		<subfield code="6">245-03/r</subfield>
		<subfield code="a">الإلمام بأحاديث الأحكام /</subfield>
		<subfield code="c">تأليف تقي الدين أبي الفتح محمد بن علي ابن وهب  المصري القشيري عرف بابن دقيق العيد ؛ راجعه وعلق عليه محمد سعيد مولوي.</subfield>
	</datafield>
	<datafield ind1=" " ind2=" " tag="880">
		<subfield code="6">250-04/r</subfield>
		<subfield code="a">الطبعة 1.</subfield>
	</datafield>
	<datafield ind1=" " ind2=" " tag="880">
		<subfield code="6">260-05/r</subfield>
		<subfield code="a">دمشق :</subfield>
		<subfield code="b">دار الفكر،</subfield>
		<subfield code="c">1963.</subfield>
	</datafield>
	<datafield ind1="1" ind2=" " tag="880">
		<subfield code="6">700-06/r</subfield>
		<subfield code="a">مولوي، محمد سعيد.</subfield>
	</datafield>
	<datafield ind1=" " ind2=" " tag="959">
		<subfield code="a">NNU</subfield>
		<subfield code="b">WEB</subfield>
		<subfield code="c">GENI</subfield>
		<subfield code="t">0</subfield>
		<subfield code="m">Electronic access</subfield>
		<subfield code="s">01</subfield>
	</datafield>
	<datafield ind1=" " ind2=" " tag="999">
		<subfield code="i">NNC_3082675</subfield>
		<subfield code="o">(OCoLC)47942065</subfield>
		<subfield code="s">columbia_aco000095</subfield>
	</datafield>
</record>
